@article{SIGCHI:2013tr,
author = {{SIGCHI}},
title = {{FFitts Law: Modeling Finger Touch with Fitts{\textquoteright} Law}},
year = {2013},
pages = {1--10},
month = feb
}

@article{Jiang:2015ep,
author = {Jiang, He and Chen, Xin and Zhang, Shuwei and Zhang, Xin and Kong, Weiqiang and Zhang, Tao},
title = {{Software for Wearable Devices: Challenges and Opportunities.}},
journal = {CoRR abs/1312.6721},
year = {2015},
volume = {cs.HC},
pages = {592--597}
}

@article{SIGCHI:2007uy,
author = {Wobbrock, Jacob O and Wilson, Andrew D and Li, Yang},
title = {{Gestures without libraries, toolkits or training: a $1 recognizer for user interface prototypes.}},
journal = {UIST},
year = {2007},
pages = {159--168}
}

@article{Loclair:2010um,
author = {Loclair, C and Gustafson, S and Baudisch, P},
title = {{PinchWatch: a wearable device for one-handed microinteractions}},
journal = {Proc MobileHCI},
year = {2010}
}

@article{Anonymous:nzdDcNVy,
title = {{LeapGesture_BScThesis}},
year = {2014},
pages = {1--77},
month = jan
}

@article{Kim:2007ir,
author = {Kim, Jungsoo and He, Jiasheng and Lyons, Kent and Starner, Thad},
title = {{The Gesture Watch: A Wireless Contact-free Gesture based Wrist Interface.}},
journal = {ISWC},
year = {2007},
pages = {15--22}
}

@techreport{Anonymous:gneqsytB,
title = {{ShoeSense: A New Perspective on Hand Gestures and Wearable Applications}},
year = {2012},
month = mar
}

